<record><leader>00000cas a22000007a 4500</leader><controlfield tag="001">52075285</controlfield><controlfield tag="008">030416d200u2010okuwr n       0   a0eng c</controlfield><datafield ind1=" " ind2=" " tag="010"><subfield code="a">  2003213877</subfield></datafield><datafield ind1=" " ind2=" " tag="040"><subfield code="a">NSD</subfield><subfield code="b">eng</subfield><subfield code="c">NSD</subfield><subfield code="d">OCLCQ</subfield><subfield code="d">DLC</subfield><subfield code="d">OCLCQ</subfield></datafield><datafield ind1=" " ind2=" " tag="012"><subfield code="m">d</subfield></datafield><datafield ind1="1" ind2=" " tag="022"><subfield code="a">1544-4422</subfield><subfield code="l">1544-4422</subfield><subfield code="2">1</subfield></datafield><datafield ind1=" " ind2=" " tag="037"><subfield code="b">Westville Weekly Times, PO Box 370, Westville, OK 74965</subfield></datafield><datafield ind1=" " ind2=" " tag="042"><subfield code="a">nsdp</subfield><subfield code="a">pcc</subfield></datafield><datafield ind1="1" ind2="0" tag="050"><subfield code="a">ISSN RECORD</subfield></datafield><datafield ind1=" " ind2="0" tag="222"><subfield code="a">Westville weekly times</subfield></datafield><datafield ind1="0" ind2="0" tag="245"><subfield code="a">Westville weekly times.</subfield></datafield><datafield ind1=" " ind2=" " tag="260"><subfield code="a">Westville, Okla. :</subfield><subfield code="b">L. Morse</subfield></datafield><datafield ind1=" " ind2=" " tag="300"><subfield code="a">v.</subfield></datafield><datafield ind1=" " ind2=" " tag="310"><subfield code="a">Weekly</subfield></datafield><datafield ind1="1" ind2=" " tag="362"><subfield code="a">Ceased in 2010?</subfield></datafield><datafield ind1=" " ind2=" " tag="588"><subfield code="a">Description based on surrogate of: Oct. 1, 2002.</subfield></datafield><datafield ind1=" " ind2=" " tag="752"><subfield code="a">United States</subfield><subfield code="b">Oklahoma</subfield><subfield code="c">Adair</subfield><subfield code="d">Westville.</subfield></datafield><datafield ind1="0" ind2="0" tag="785"><subfield code="t">Weekly express (Westville, Okla.)</subfield><subfield code="x">2160-3405</subfield><subfield code="w">(DLC)  2011204396</subfield><subfield code="w">(OCoLC)706505481</subfield></datafield><datafield ind1="1" ind2=" " tag="029"><subfield code="a">AU@</subfield><subfield code="b">000024596674</subfield></datafield></record>